<?xml version="1.0" encoding="UTF-8"?><collection xmlns="http://www.loc.gov/MARC21/slim"><record><leader>00382nam--2200157-i-4500</leader><controlfield tag="001">000023391</controlfield><controlfield tag="002">20161230</controlfield><controlfield tag="005">20170128174845</controlfield><controlfield tag="008">060222s1000------------r-----000-0-eng-d</controlfield><datafield ind1=" " ind2=" " tag="080"><subfield code="a">543.544(021)</subfield></datafield><datafield ind1=" " ind2=" " tag="245"><subfield code="a">Handbook of chromatography</subfield></datafield><datafield ind1=" " ind2=" " tag="260"><subfield code="a">Cleveland, Ohio</subfield><subfield code="b">Crc Press</subfield><subfield code="c">1972</subfield></datafield><datafield ind1=" " ind2=" " tag="300"><subfield code="a">784 p</subfield></datafield><datafield ind1=" " ind2=" " tag="700"><subfield code="a">Zweig, Gunter</subfield></datafield><datafield ind1=" " ind2=" " tag="852"><subfield code="a">41259</subfield></datafield><datafield ind1=" " ind2=" " tag="CAT"><subfield code="a">SYS</subfield><subfield code="c">20170128</subfield><subfield code="h">174845</subfield></datafield></record></collection>